@Book{xie2015,
  title = {Dynamic Documents with {R} and knitr},
  author = {Yihui Xie},
  publisher = {Chapman and Hall/CRC},
  address = {Boca Raton, Florida},
  year = {2015},
  edition = {2nd},
  note = {ISBN 978-1498716963},
  url = {http://yihui.org/knitr/},
}

@Article{hodell1995,
  author    = {Hodell, David A and Curtis, Jason H and Brenner, Mark},
  journal   = {Nature},
  title     = {{Possible Role of Climate in the Collapse of Classic Maya Civilization}},
  year      = {1995},
  number    = {6530},
  pages     = {391--394},
  volume    = {375},
  publisher = {Nature Publishing Group},
}

@Comment{jabref-meta: databaseType:bibtex;}
