@Article{hodell1995,
  author  = {Hodell, David A and Curtis, Jason H and Brenner, Mark},
  journal = {Nature},
  title   = {{Possible Role of Climate in the Collapse of Classic Maya Civilization}},
  year    = {1995},
  number  = {6530},
  pages   = {391--394},
  volume  = {375},
}

@Article{diebold1995,
  author  = {Diebold, Francis X and Mariano, Robert S},
  journal = {Journal of Business \& Economic Statistics},
  title   = {{Comparing Predictive Accuracy}},
  year    = {1995},
  number  = {3},
  pages   = {253--263},
  volume  = {13},
}

@Article{harvey1997,
  author  = {Harvey, David and Leybourne, Stephen and Newbold, Paul},
  journal = {International Journal of forecasting},
  title   = {{Testing the Equality of Prediction Mean Squared Errors}},
  year    = {1997},
  number  = {2},
  pages   = {281--291},
  volume  = {13},
}

@Article{frisch1933,
  author  = {Frisch, Ragnar and Waugh, Frederick V},
  journal = {Econometrica},
  title   = {{Partial Time Regressions as Compared With Individual Trends}},
  year    = {1933},
  number  = {4},
  pages   = {387--401},
  volume  = {1},
}

@Article{lovell1963,
  author  = {Lovell, Michael C},
  journal = {Journal of the American Statistical Association},
  title   = {{Seasonal Adjustment of Economic Time Series and Multiple Regression Analysis}},
  year    = {1963},
  number  = {304},
  pages   = {993--1010},
  volume  = {58},
}

@Article{tobler1970,
  author    = {Tobler, Waldo R},
  journal   = {Economic Geography},
  title     = {{A Computer Movie Simulating Urban Growth in the Detroit Region}},
  year      = {1970},
  number    = {sup1},
  pages     = {234--240},
  volume    = {46},
  publisher = {Taylor \& Francis},
}

@Book{friedman2013,
  author    = {Friedman, Walter},
  publisher = {Princeton University Press},
  title     = {{Fortune Tellers: The Story of Americaâ€™s First Economic Forecasters}},
  year      = {2013},
}

@Article{rossi2012,
  author    = {Rossi, Barbara and Inoue, Atsushi},
  journal   = {Journal of Business \& Economic Statistics},
  title     = {{Out-Of-Sample Forecast Tests Robust to the Choice of Window Size}},
  year      = {2012},
  number    = {3},
  pages     = {432--453},
  volume    = {30},
  publisher = {Taylor \& Francis},
}

@Article{clark2009,
  author    = {Clark, Todd E and McCracken, Michael W},
  journal   = {International Economic Review},
  title     = {{Improving Forecast Accuracy by Combining Recursive and Rolling Forecasts}},
  year      = {2009},
  number    = {2},
  pages     = {363--395},
  volume    = {50},
  publisher = {Wiley Online Library},
}

@Article{box1964,
  author    = {Box, George EP and Cox, David R},
  journal   = {Journal of the Royal Statistical Society: Series B (Methodological)},
  title     = {{An Analysis of Transformations}},
  year      = {1964},
  number    = {2},
  pages     = {211--243},
  volume    = {26},
  publisher = {Wiley Online Library},
}

@InCollection{mincer1969,
  author    = {Mincer, Jacob A and Zarnowitz, Victor},
  booktitle = {Economic Forecasts and Expectations: Analysis of Forecasting Behavior and Performance},
  publisher = {NBER},
  title     = {{The Evaluation of Economic Forecasts}},
  year      = {1969},
  pages     = {3--46},
}

@Article{granger1969,
  author    = {Granger, Clive WJ},
  journal   = {Econometrica},
  title     = {{Investigating Causal Relations by Econometric Models and Cross-Spectral Methods}},
  year      = {1969},
  number    = {3},
  pages     = {424--438},
  volume    = {37},
  publisher = {JSTOR},
}

@Article{dickey1979,
  author    = {Dickey, David A and Fuller, Wayne A},
  journal   = {Journal of the American Statistical Association},
  title     = {{Distribution of the Estimators for Autoregressive Time Series With a Unit Root}},
  year      = {1979},
  number    = {366a},
  pages     = {427--431},
  volume    = {74},
  publisher = {Taylor \& Francis},
}

@Comment{jabref-meta: databaseType:bibtex;}
